<?xml version="1.0" encoding="UTF-8"?><collection xmlns="http://www.loc.gov/MARC21/slim"><record><leader>00468nam--2200193-u-4500</leader><controlfield tag="001">000051197</controlfield><controlfield tag="002">20161230</controlfield><controlfield tag="005">20170127233145</controlfield><controlfield tag="008">080530s1000------------r-----000-0-eng-d</controlfield><datafield ind1=" " ind2=" " tag="020"><subfield code="a">0-486-41179-6</subfield></datafield><datafield ind1=" " ind2=" " tag="040"><subfield code="a">IFIN-HH</subfield></datafield><datafield ind1=" " ind2=" " tag="080"><subfield code="a">512.64:517.91</subfield></datafield><datafield ind1="1" ind2=" " tag="100"><subfield code="a">Franklin, Joel N</subfield></datafield><datafield ind1="1" ind2="0" tag="245"><subfield code="a">Matrix Theory</subfield></datafield><datafield ind1=" " ind2=" " tag="260"><subfield code="a">New York</subfield><subfield code="b">Dover Publications, Inc</subfield><subfield code="c">1993</subfield></datafield><datafield ind1=" " ind2=" " tag="300"><subfield code="a">292 p</subfield></datafield><datafield ind1=" " ind2="4" tag="650"><subfield code="a">Matrices</subfield></datafield><datafield ind1=" " ind2=" " tag="852"><subfield code="a">81962</subfield><subfield code="c">512.831</subfield></datafield><datafield ind1=" " ind2=" " tag="CAT"><subfield code="a">SYS</subfield><subfield code="c">20170127</subfield><subfield code="h">233145</subfield></datafield></record></collection>